@online{riscvimplementations,
  author = {Wikipedia},
  title = {Existing {RISC-V} Implementations},
  year = 2022,
  url = {https://en.wikipedia.org/wiki/RISC-V\#Existing},
  urldate = {2022-10-21}
}

@online{diplomacy,
  author = {Wei Song},
  title = {Diplomacy and {TileLink} from the Rocket Chip},
  year = {2018},
  url = {Diplomacy and TileLink from the Rocket Chip},
  urldate = {2022-11-21}
}

@INPROCEEDINGS{6078174,
  author={Dinkelaker, Tom and Erradi, Mohammed},
  booktitle={2011 Federated Conference on Computer Science and Information Systems (FedCSIS)}, 
  title={Using Aspect-Oriented state machines for resolving feature interactions}, 
  year={2011},
  volume={},
  number={},
  pages={809-816},
  doi={}}